%% This BibTeX bibliography file was created using BibDesk.
%% http://bibdesk.sourceforge.net/
%% Created for Lauro Cesar Araujo at 2015-04-27 19:43:45 -0300
%% Saved with string encoding Unicode (UTF-8)
@book{Dsouza,
  Author = {Dinesh D'Souza},
  Date-Added = {2020-11-08 13:56:10 +0000},
  Title = { Components and Frameworks with UML, The Catalysis
           Approach},
  Year = {1999}
}
@misc{git,
  Author = {Linus Torvalds},
  Date-Added = {2020-11-09 21:39:21 +0000},
  Howpublished = {Git},
  Keywords = {git},
  Title = {git},
  Url = {https://git-scm.com/},
  Urlaccessdate = {04 nov 2020},
  Year = {2020},
}
@book{pressman,
  Author = {PETERS PEDRICZ},
  Date-Added = {2020-11-09 13:56:10 +0000},
  Edition = {1},
  Publisher = {Makron Books},
  Title = {Engenharia De Software},
  Year = {1995}
}

@book{Szyperski,
  Author = {Clemens Szyperski},
  Date-Added = {2020-11-09 13:56:10 +0000},
  Edition = {1},
  Publisher = {Makron Books},
  Title = {omponent Software: Beyond Object-Oriented Programming},
  Year = {2002}
}

@book{sommerville2019engenharia,
  title={Engenharia De Software},
  author={Sommerville, I.},
  isbn={9788543024974},
  url={https://books.google.com.br/books?id=tfivwwEACAAJ},
  year={2019},
  publisher={PEARSON BRASIL}
}
@book{abran2001guide,
  title={Guide to the Software Engineering Body of Knowledge: Trial Version},
  author={Abran, A. and Moore, J.W.},
  isbn={9780769510002},
  lccn={2001005442},
  url={https://books.google.com.br/books?id=YqVQAAAAMAAJ},
  year={2001},
  publisher={IEEE Computer Society}
}
@book{gancarz1995unix,
  title={The UNIX Philosophy},
  author={Gancarz, M.},
  isbn={9781555581237},
  lccn={94025893},
  url={https://books.google.com.br/books?id=0Ktl1bB-vksC},
  year={1995},
  publisher={Elsevier Science}
}

@misc{scrum-guide,
  Author = {Ken Schwaber e Jeff Sutherland},
  Date-Added = {2020-11-09 21:39:21 +0000},
  Howpublished = {scrumguides},
  Keywords = {scrum,guia},
  Title = {Guia Do Scrum},
  Url = {https://www.scrumguides.org/docs/scrumguide/v1/Scrum-Guide-Portuguese-BR.pdf},
  Urlaccessdate = {04 nov 2020},
  Year = {2013},
}
@book{do2015fundamentos,
  title={Fundamentos do gerenciamento de projetos},
  author={Kerzner},
  isbn={9788522515073},
  series={FGV Management},
  url={https://books.google.com.br/books?id=\_CmHCgAAQBAJ},
  year={2002},
  publisher={Editora FGV}
}

@book{de2011human,
  title={Human Resource Management in the Digital Economy: Creating Synergy between Competency Models and Information: Creating Synergy between Competency Models and Information},
  author={de Juana-Espinosa, S.},
  isbn={9781613502082},
  lccn={2011047367},
  series={Advances in Human Resources Management and Organizational Development (2327-3372)},
  url={https://books.google.com.br/books?id=wWYJx453Oy0C},
  year={2011},
  publisher={Information Science Reference}
}
