%% This BibTeX bibliography file was created using BibDesk.
%% http://bibdesk.sourceforge.net/
  %% Created for Lauro Cesar Araujo at 2015-04-27 19:43:45 -0300
%% Saved with string encoding Unicode (UTF-8)

@misc{INEP,
  title = {INEP Acessado em 27/03/2021},
  howpublished = {\url{http://portal.inep.gov.br/artigo/-/asset_publisher/B4AQV9zFY7Bv/content/escolas-estaduais-e-privadas-tem-recursos-tecnologicos-equivalentes-no-ensino-medio-federais-sao-as-mais-equipadas/21206}},
  note = {Accessed: 2021-03-27}
}

@book{de2006economia,
title={Economia: micro e macro : teoria e exerc{\'\i}cios, gloss{\'a}rio com os 300
principais conceitos econ{\^o}micos},
author={de Vasconcellos, M.A.S.},
isbn={9788522443215},
url={https://books.google.com.br/books?id=YxOPPgAACAAJ},
year={2006},
publisher={Atlas}
}
@book{giambiagi2016macroeconomia,
title={Macroeconomia para executivos: Teoria e pr{\'a}tica no Brasil},
author={Giambiagi, F. and Schmidt, C.},
isbn={9788535282344},
url={https://books.google.com.br/books?id=FK84DwAAQBAJ},
year={2016},
publisher={Elsevier Editora Ltda.}
}

@book{nielsen1994usability,
    title={Usability Engineering},
    author={Nielsen, J.},
    isbn={9780125184069},
    lccn={lc93000488},
    series={Interactive Technologies},
    url={https://books.google.com.br/books?id=95As2OF67f0C},
    year={1994},
    publisher={Elsevier Science}
  }

@book{prescott2015html,
  title={HTML 5},
  author={Prescott, P. and Torres, P.A.F.M.},
  isbn={9781507120446},
  url={https://books.google.com.br/books?id=5OyNCgAAQBAJ},
  year={2015},
  publisher={Babelcube Incorporated}
}

@book{rios2013teste,
  title={Teste de Software},
  author={Rios, E. and Moreira, T.},
  isbn={9788576087755},
  url={https://books.google.com.br/books?id=I2a2BAAAQBAJ},
  year={2013},
  publisher={ELSEVIER/ALTA BOOKS}
}

@book{sabbagh2014scrum,
  title={Scrum: Gest{\~a}o {\'a}gil para projetos de sucesso},
  author={Sabbagh, R.},
  isbn={9788566250954},
  url={https://books.google.com.br/books?id=pG-CCwAAQBAJ},
  year={2014},
  publisher={Casa do C{\'o}digo}
}

@book{sommerville2008engenharia,
  title={Engenharia de software},
  author={Sommerville, I. and Melnikoff, S.S.S. and Arakaki, R. and de Andrade Barbosa, E.},
  isbn={9788588639287},
  url={https://books.google.com.br/books?id=ifIYOgAACAAJ},
  year={2008},
  publisher={ADDISON WESLEY BRA}
}


